@misc{openClassroomJEE,
    author    = {OpenClassroom},
    title     = {Créez votre application web avec Java EE},
    note      = {[En ligne; accédé le 7 décembre 2018]},
    howpublished       = {\url{https://openclassrooms.com/fr/courses/626954-creez-votre-application-web-avec-java-ee}}
}

@misc{openClassroomBootstrap,
    author    = {OpenClassroom},
    title     = {Prenez en main Bootstrap},
    note      = {[En ligne; accédé le 7 décembre 2018]},
    howpublished       = {\url{https://openclassrooms.com/fr/courses/1885491-prenez-en-main-bootstrap}}
}

@misc{grapesJS,
    author    = {grapesJS},
    title     = {Free and Open Source Web Builder Framework},
    note      = {[En ligne; accédé le 7 décembre 2018]},
    howpublished       = {\url{https://grapesjs.com/}}
}

@misc{bootstrap,
    author    = {Bootstrap},
    title     = {Documentation},
    note      = {[En ligne; accédé le 7 décembre 2018]},
    howpublished       = {\url{https://getbootstrap.com/docs/4.1/getting-started/introduction/}}
}

@misc{highcharts,
    author    = {Highcharts},
    title     = {Documentation},
    note      = {[En ligne; accédé le 7 décembre 2018]},
    howpublished       = {\url{https://www.highcharts.com/docs}}
}

@misc{bcrypt,
    author    = {Bcrypt},
    title     = {Bcrypt Java Library and CLI Tool},
    note      = {[En ligne; accédé le 7 décembre 2018]},
    howpublished       = {\url{https://github.com/patrickfav/bcrypt}}
}